@article{rely-guarantee,
 author = {Jones, C. B.},
 title = {Tentative Steps Toward a Development Method for Interfering Programs},
 journal = {ACM Trans. Program. Lang. Syst.},
 issue_date = {Oct. 1983},
 volume = {5},
 number = {4},
 month = oct,
 year = {1983},
 issn = {0164-0925},
 pages = {596--619},
 numpages = {24},
 url = {http://doi.acm.org/10.1145/69575.69577},
 doi = {10.1145/69575.69577},
 acmid = {69577},
 publisher = {ACM},
 address = {New York, NY, USA},
} 

@inproceedings{concurrent-logical2,
  author    = {Aaron Joseph Turon and
               Jacob Thamsborg and
               Amal Ahmed and
               Lars Birkedal and
               Derek Dreyer},
  title     = {Logical relations for fine-grained concurrency},
  booktitle = {The 40th Annual {ACM} {SIGPLAN-SIGACT} Symposium on Principles of
               Programming Languages, {POPL} '13, Rome, Italy - January 23 - 25,
               2013},
  pages     = {343--356},
  year      = {2013},
  crossref  = {DBLP:conf/popl/2013},
  url       = {http://doi.acm.org/10.1145/2429069.2429111},
  doi       = {10.1145/2429069.2429111},
  timestamp = {Fri, 18 Jan 2013 17:57:12 +0100},
  biburl    = {http://dblp.uni-trier.de/rec/bib/conf/popl/TuronTABD13},
  bibsource = {dblp computer science bibliography, http://dblp.org}
}

@inproceedings{concurrent-logical,
  author    = {Lars Birkedal and
               Filip Sieczkowski and
               Jacob Thamsborg},
  title     = {A Concurrent Logical Relation},
  booktitle = {Computer Science Logic (CSL'12) - 26th International Workshop/21st
               Annual Conference of the EACSL, {CSL} 2012, September 3-6, 2012, Fontainebleau,
               France},
  pages     = {107--121},
  year      = {2012},
  crossref  = {DBLP:conf/csl/2012},
  url       = {http://dx.doi.org/10.4230/LIPIcs.CSL.2012.107},
  doi       = {10.4230/LIPIcs.CSL.2012.107},
  timestamp = {Sun, 08 Nov 2015 18:33:34 +0100},
  biburl    = {http://dblp.uni-trier.de/rec/bib/conf/csl/BirkedalST12},
  bibsource = {dblp computer science bibliography, http://dblp.org}
}

@Inbook{persistentufds,
author="Italiano, Giuseppe F.
and Sarnak, Neil",
editor="Dehne, Frank
and Sack, J{\"o}rg-R{\"u}diger
and Santoro, Nicola",
title="Fully persistent data structures for disjoint set union problems",
bookTitle="Algorithms and Data Structures: 2nd Workshop, WADS '91 Ottawa, Canada, August 14--16, 1991 Proceedings",
year="1991",
publisher="Springer Berlin Heidelberg",
address="Berlin, Heidelberg",
pages="449--460",
isbn="978-3-540-47566-8",
doi="10.1007/BFb0028283",
url="http://dx.doi.org/10.1007/BFb0028283"
}

@article{linearizability,
 author = {Herlihy, Maurice P. and Wing, Jeannette M.},
 title = {Linearizability: A Correctness Condition for Concurrent Objects},
 journal = {ACM Trans. Program. Lang. Syst.},
 issue_date = {July 1990},
 volume = {12},
 number = {3},
 month = jul,
 year = {1990},
 issn = {0164-0925},
 pages = {463--492},
 numpages = {30},
 url = {http://doi.acm.org/10.1145/78969.78972},
 doi = {10.1145/78969.78972},
 acmid = {78972},
 publisher = {ACM},
 address = {New York, NY, USA},
} 


@article{brent,
 author = {Brent, Richard P.},
 title = {The Parallel Evaluation of General Arithmetic Expressions},
 journal = {J. ACM},
 issue_date = {April 1974},
 volume = {21},
 number = {2},
 month = apr,
 year = {1974},
 issn = {0004-5411},
 pages = {201--206},
 numpages = {6},
 url = {http://doi.acm.org/10.1145/321812.321815},
 doi = {10.1145/321812.321815},
 acmid = {321815},
 publisher = {ACM},
 address = {New York, NY, USA},
} 


@book{ pfpl2,
author = "Robert Harper",
title = {Practical Foundations for Programming Languages, 2nd edition}, 
publisher = {Cambridge University Press}, 
year = {2016},
isbn = {9781107150300}
}

@article{BlumofeLeiserson,
 author = {Blumofe, Robert D. and Leiserson, Charles E.},
 title = {Scheduling Multithreaded Computations by Work Stealing},
 journal = {J. ACM},
 issue_date = {Sept. 1999},
 volume = {46},
 number = {5},
 month = sep,
 year = {1999},
 issn = {0004-5411},
 pages = {720--748},
 numpages = {29},
 url = {http://doi.acm.org/10.1145/324133.324234},
 doi = {10.1145/324133.324234},
 acmid = {324234},
 publisher = {ACM},
 address = {New York, NY, USA},
 keywords = {critical-path length, multiprocessor, multithreading, randomized algorithm, thread scheduling, work stealing},
} 

@inproceedings{BG95,
 author = {Blelloch, Guy and Greiner, John},
 title = {Parallelism in Sequential Functional Languages},
 booktitle = {Proceedings of the Seventh International Conference on Functional Programming Languages and Computer Architecture},
 series = {FPCA '95},
 year = {1995},
 pages = {226--237}
} 

@inproceedings{AMOFW95,
 author = {Ariola, Zena M. and Maraist, John and Odersky, Martin and Felleisen, Matthias and Wadler, Philip},
 title = {A Call-by-need Lambda Calculus},
 booktitle = {Proc. ACM SIGPLAN-SIGACT Symposium on Principles of Programming Languages (POPL)},
 year = {1995},
 pages = {233--246},
} 


@inproceedings{Moggi89,
  author    = {Eugenio Moggi},
  title     = {Computational Lambda-Calculus and Monads},
  booktitle = {Proc. Symposium on Logic in Computer Science (LICS)},
  pages     = {14--23},
  year      = {1989}
}

@article{Pippenger97,
  author    = {Nicholas Pippenger},
  title     = {Pure Versus Impure Lisp},
  journal   = {{ACM} Trans. Program. Lang. Syst.},
  volume    = {19},
  number    = {2},
  pages     = {223--238},
  year      = {1997}
}

@inproceedings{KL95,
  author    = {David J. King and
               John Launchbury},
  title     = {Structuring Depth-First Search Algorithms in Haskell},
  booktitle = {{ACM} {SIGPLAN-SIGACT} Symposium
               on Principles of Programming Languages (POPL)},
  pages     = {344--354},
  year      = {1995}
}

@inproceedings{GH90,
  author    = {Juan C. Guzm{\'{a}}n and
               Paul Hudak},
  title     = {Single-Threaded Polymorphic Lambda Calculus},
  booktitle = {Proc. Symposium on Logic in Computer Science (LICS)},
  pages     = {333--343},
  year      = {1990}
}

@article{Girard87,
  author    = {Jean{-}Yves Girard},
  title     = {Linear Logic},
  journal   = {Theor. Comput. Sci.},
  volume    = {50},
  pages     = {1--102},
  year      = {1987}
}


@inproceedings{Dietz89,
 author = {Dietz, Paul F.},
 title = {Fully Persistent Arrays (Extended Array)},
 booktitle = {Proc. Workshop on Algorithms and Data Structures (WADS)},
 year = {1989}
} 

@article{DSST89,
  author    = {James R. Driscoll and
               Neil Sarnak and
               Daniel Dominic Sleator and
               Robert Endre Tarjan},
  title     = {Making Data Structures Persistent},
  journal   = {J. Comput. Syst. Sci.},
  volume    = {38},
  number    = {1},
  year      = {1989}
}

@article{AHN88,
  author    = {Annika Aasa and
               S{\"{o}}ren Holmstr{\"{o}}m and
               Christina Nilsson},
  title     = {An Efficiency Comparison of Some Representations of Purely Functional
               Arrays},
  journal   = {{BIT}},
  volume    = {28},
  number    = {3},
  pages     = {490--503},
  year      = {1988}
}

@inproceedings{HB85,
  author    = {Paul Hudak and
               Adrienne G. Bloss},
  title     = {The Aggregate Update Problem in Functional Programming Systems},
  booktitle = {{ACM} Symposium on Principles
               of Programming Languages (POPL)},
  pages     = {300--314},
  year      = {1985}
}


@article{OW97,
 author = {O'Neill, Melissa E. and Burton, F. Warren},
 title = {A New Method for Functional Arrays},
 journal = {J. Funct. Program.},
 issue_date = {September 1997},
 volume = {7},
 number = {5},
 year = {1997}
} 

@phdthesis{oneill,
  title    = {Version Stamps for Functional Arrays and Determinacy Checking: Two Applications of Ordered Lists for Advanced Programming Languages},
  school   = {Simon Fraser University},
  author   = {Melissa Elizabeth O'Neill},
  year     = {2000},
}

@inproceedings{chuang,
 author = {Chuang, Tyng-Ruey},
 title = {Fully Persistent Arrays for Efficient Incremental Updates and Voluminous Reads},
 booktitle = {Symposium Proceedings on 4th European Symposium on Programming},
 series = {ESOP'92},
 year = {1992},
 isbn = {0-387-55253-7},
 location = {Rennes, France},
 pages = {110--129},
 numpages = {20},
 url = {http://dl.acm.org/citation.cfm?id=145055.145076},
 acmid = {145076},
 publisher = {Springer-Verlag},
 address = {London, UK, UK},
} 

@INPROCEEDINGS{Wadler90,
    author = {Philip Wadler},
    title = {Linear Types Can Change the World!},
    booktitle = {PROGRAMMING CONCEPTS AND METHODS},
    year = {1990},
    publisher = {North}
}

@inproceedings{Hudak86,
 author = {Hudak, Paul},
 title = {A Semantic Model of Reference Counting and Its Abstraction (Detailed Summary)},
 booktitle = {Proceedings of the 1986 ACM Conference on LISP and Functional Programming},
 series = {LFP '86},
 year = {1986},
 isbn = {0-89791-200-4},
 location = {Cambridge, Massachusetts, USA},
 pages = {351--363},
 numpages = {13},
 url = {http://doi.acm.org/10.1145/319838.319876},
 doi = {10.1145/319838.319876},
 acmid = {319876},
 publisher = {ACM},
 address = {New York, NY, USA},
}

@inproceedings{Wadler95,
 author = {Wadler, Philip},
 title = {Monads for Functional Programming},
 booktitle = {Advanced Functional Programming, First International Spring School on Advanced Functional Programming Techniques-Tutorial Text},
 year = {1995},
 isbn = {3-540-59451-5},
 pages = {24--52},
 numpages = {29},
 url = {http://dl.acm.org/citation.cfm?id=647698.734146},
 acmid = {734146},
 publisher = {Springer-Verlag},
 address = {London, UK, UK},
} 

@inproceedings{reynolds,
 author = {Reynolds, John C.},
 title = {Separation Logic: A Logic for Shared Mutable Data Structures},
 booktitle = {Proceedings of the 17th Annual IEEE Symposium on Logic in Computer Science},
 series = {LICS '02},
 year = {2002},
 isbn = {0-7695-1483-9},
 pages = {55--74},
 numpages = {20},
 url = {http://dl.acm.org/citation.cfm?id=645683.664578},
 acmid = {664578},
 publisher = {IEEE Computer Society},
 address = {Washington, DC, USA},
} 

@book{harper,
 author = {Harper, Professor Robert},
 title = {Practical Foundations for Programming Languages},
 year = {2012},
 isbn = {1107029570, 9781107029576},
 publisher = {Cambridge University Press},
 address = {New York, NY, USA},
} 
